@article{1969Lee,
  title     = {Elastic-plastic deformation at finite strains},
  author    = {Lee, Erastus H},
  journal   = {Journal of Applied Mechanics},
  volume    = {36},
  number    = {},
  pages     = {1--6},
  year      = {1969},
  publisher = {}
}

@article{1971Mandel,
  title     = {Plastidite et viscoplasticite},
  author    = {Mandel, Jean},
  journal   = {CISM Lectures Notes},
  volume    = {97},
  year      = {1971},
  publisher = {Udine, Springer}
}

@book{2009ContMechLai,
  title     = {Introduction to continuum mechanics},
  author    = {Lai, W Michael and Rubin, David and Krempl, Erhard},
  year      = {2009},
  publisher = {Butterworth-Heinemann}
}

@article{2012JMPSCui,
  title     = {A finite deformation stress-dependent chemical potential and its applications to lithium ion batteries},
  author    = {Cui, Zhiwei and Gao, Feng and Qu, Jianmin},
  journal   = {Journal of the Mechanics and Physics of Solids},
  volume    = {60},
  number    = {7},
  pages     = {1280--1295},
  year      = {2012},
  publisher = {Elsevier}
}

@article{2011JMPSBower,
  title     = {A finite strain model of stress, diffusion, plastic flow, and electrochemical reactions in a lithium-ion half-cell},
  author    = {Bower, Allan F and Guduru, Pradeep R and Sethuraman, Vijay A},
  journal   = {Journal of the Mechanics and Physics of Solids},
  volume    = {59},
  number    = {4},
  pages     = {804--828},
  year      = {2011},
  publisher = {Elsevier}
}

@article{2005JMPSGurtin,
  title={A theory of strain-gradient plasticity for isotropic, plastically irrotational materials. Part I: Small deformations},
  author={Gurtin, Morton E and Anand, Lallit},
  journal={Journal of the Mechanics and Physics of Solids},
  volume={53},
  number={7},
  pages={1624--1649},
  year={2005},
  publisher={Elsevier}
}

@article{2005IJPGurtin,
  title={A theory of strain-gradient plasticity for isotropic, plastically irrotational materials. Part II: Finite deformations},
  author={Gurtin, Morton E and Anand, Lallit},
  journal={International Journal of Plasticity},
  volume={21},
  number={12},
  pages={2297--2318},
  year={2005},
  publisher={Elsevier}
}